% This file was created with Citavi 5.5.0.1

@book{Benmimoun.2004,
 author = {Benmimoun, Ahmed and Neunzig, Dirk Mathias and Maag, Christian},
 year = {2004},
 title = {Effizienzsteigerung durch professionelles, partnerschaftliches Verhalten im Stra{\ss}enverkehr},
 price = {kart},
 address = {Frankfurt/M.},
 volume = {Nr. 181},
 publisher = {FAT},
 series = {FAT-Schriftenreihe}
}


@book{Engelmann.2003,
 author = {Engelmann, Frank},
 year = {2003},
 title = {Fahrstreifenreduktionen an Autobahnen: Auswirkungen auf die Verkehrssicherheit und den Verkehrsablauf},
 price = {kart. : EUR 18.00},
 address = {Hannover},
 volume = {31},
 publisher = {Ivh},
 isbn = {3922344313},
 series = {Ver{\"o}ffentlichungen des Instituts f{\"u}r Verkehrswirtschaft, Stra{\ss}enwesen und St{\"a}dtebau}
}


